<?xml version="1.0" encoding="utf-8"?>
<Document xmlns="urn:iso:std:iso:20022:tech:xsd:pain.001.001.03" xmlns:xsi="http://www.w3.org/2001/XMLSchema-instance" xsi:schemaLocation="urn:iso:std:iso:20022:tech:xsd:pain.001.001.03 pain.001.001.03.xsd">
  <CstmrCdtTrfInitn>
    <GrpHdr>
      <MsgId>20220715122606</MsgId>
      <CreDtTm>2022-07-15T12:26:06</CreDtTm>
      <NbOfTxs>8</NbOfTxs>
      <CtrlSum>2343.93</CtrlSum>
      <InitgPty>
        <Nm>Firma ABC </Nm>
      </InitgPty>
    </GrpHdr>
    <PmtInf>
      <PmtInfId>202207151226061</PmtInfId>
      <PmtMtd>TRF</PmtMtd>
      
      <NbOfTxs>8</NbOfTxs>
      <CtrlSum>2343.93</CtrlSum>
      <PmtTpInf>
        <SvcLvl>
          <Cd>SEPA</Cd>
        </SvcLvl>
      </PmtTpInf>
      <ReqdExctnDt>2022-07-15</ReqdExctnDt>
      <Dbtr>
        <Nm>Firma ABC </Nm>
        
        <Id>
          <OrgId>
            <BICOrBEI>TATRSKBX</BICOrBEI>
          </OrgId>
        </Id>
      </Dbtr>
      <DbtrAcct>
        <Id>
          <IBAN>SK8411000000002926881381</IBAN>
        </Id>
        <Ccy>EUR</Ccy>
      </DbtrAcct>
      <DbtrAgt>
        <FinInstnId>
          <BIC>TATRSKBX</BIC>
        </FinInstnId>
      </DbtrAgt>
      <CdtTrfTxInf>
        <PmtId>
          <EndToEndId>/VS1003104916/SS062022/KS</EndToEndId>
        </PmtId>
        <Amt>
          <InstdAmt Ccy="EUR">573.19</InstdAmt>
        </Amt>
        <CdtrAgt>
          <FinInstnId>
            <BIC>SPSRSKBA</BIC>
          </FinInstnId>
        </CdtrAgt>
        <Cdtr>
          <Nm>Socialna poistovna</Nm>
          <Id>
            <OrgId>
              <BICOrBEI>SPSRSKBA</BICOrBEI>
            </OrgId>
          </Id>
        </Cdtr>
        <CdtrAcct>
          <Id>
            <IBAN>SK9181800000007000155144</IBAN>
          </Id>
        </CdtrAcct>
      </CdtTrfTxInf><CdtTrfTxInf>
        <PmtId>
          <EndToEndId>/VS4675978661/SS202206/KS</EndToEndId>
        </PmtId>
        <Amt>
          <InstdAmt Ccy="EUR">18.42</InstdAmt>
        </Amt>
        <CdtrAgt>
          <FinInstnId>
            <BIC>SPSRSKBA</BIC>
          </FinInstnId>
        </CdtrAgt>
        <Cdtr>
          <Nm>Vseobecna zdravotna poistovna</Nm>
          <Id>
            <OrgId>
              <BICOrBEI>SPSRSKBA</BICOrBEI>
            </OrgId>
          </Id>
        </Cdtr>
        <CdtrAcct>
          <Id>
            <IBAN>SK4281800000007000221411</IBAN>
          </Id>
        </CdtrAcct>
      </CdtTrfTxInf><CdtTrfTxInf>
        <PmtId>
          <EndToEndId>/VS4675978600/SS062022/KS</EndToEndId>
        </PmtId>
        <Amt>
          <InstdAmt Ccy="EUR">106.86</InstdAmt>
        </Amt>
        <CdtrAgt>
          <FinInstnId>
            <BIC>SPSRSKBA</BIC>
          </FinInstnId>
        </CdtrAgt>
        <Cdtr>
          <Nm>DOVERA zdravotna poistovna, a.s.</Nm>
          <Id>
            <OrgId>
              <BICOrBEI>SPSRSKBA</BICOrBEI>
            </OrgId>
          </Id>
        </Cdtr>
        <CdtrAcct>
          <Id>
            <IBAN>SK5281800000007000747747</IBAN>
          </Id>
        </CdtrAcct>
      </CdtTrfTxInf><CdtTrfTxInf>
        <PmtId>
          <EndToEndId>/VS4675978600/SS202206/KS</EndToEndId>
        </PmtId>
        <Amt>
          <InstdAmt Ccy="EUR">106.9</InstdAmt>
        </Amt>
        <CdtrAgt>
          <FinInstnId>
            <BIC>SPSRSKBA</BIC>
          </FinInstnId>
        </CdtrAgt>
        <Cdtr>
          <Nm>UNION zdravotna poistovna, a.s.</Nm>
          <Id>
            <OrgId>
              <BICOrBEI>SPSRSKBA</BICOrBEI>
            </OrgId>
          </Id>
        </Cdtr>
        <CdtrAcct>
          <Id>
            <IBAN>SK9081800000007000256746</IBAN>
          </Id>
        </CdtrAcct>
      </CdtTrfTxInf><CdtTrfTxInf>
        <PmtId>
          <EndToEndId>/VS202206/SS/KS0138</EndToEndId>
        </PmtId>
        <Amt>
          <InstdAmt Ccy="EUR">57.32</InstdAmt>
        </Amt>
        <CdtrAgt>
          <FinInstnId>
            <BIC>TATRSKBX</BIC>
          </FinInstnId>
        </CdtrAgt>
        <Cdtr>
          <Nm>Lelovsky, Igor, Ing.</Nm>
          <Id>
            <OrgId>
              <BICOrBEI>TATRSKBX</BICOrBEI>
            </OrgId>
          </Id>
        </Cdtr>
        <CdtrAcct>
          <Id>
            <IBAN>SK9211000000002613285231</IBAN>
          </Id>
        </CdtrAcct>
        <RmtInf>
          <Ustrd>MZ202206</Ustrd>
        </RmtInf>
      </CdtTrfTxInf><CdtTrfTxInf>
        <PmtId>
          <EndToEndId>/VS202206/SS/KS0138</EndToEndId>
        </PmtId>
        <Amt>
          <InstdAmt Ccy="EUR">744.97</InstdAmt>
        </Amt>
        <CdtrAgt>
          <FinInstnId>
            <BIC>TATRSKBX</BIC>
          </FinInstnId>
        </CdtrAgt>
        <Cdtr>
          <Nm>Pekna, Monika</Nm>
          <Id>
            <OrgId>
              <BICOrBEI>TATRSKBX</BICOrBEI>
            </OrgId>
          </Id>
        </Cdtr>
        <CdtrAcct>
          <Id>
            <IBAN>SK5511000000008012020398</IBAN>
          </Id>
        </CdtrAcct>
        <RmtInf>
          <Ustrd>MZ202206</Ustrd>
        </RmtInf>
      </CdtTrfTxInf><CdtTrfTxInf>
        <PmtId>
          <EndToEndId>/VS202206/SS/KS0138</EndToEndId>
        </PmtId>
        <Amt>
          <InstdAmt Ccy="EUR">701.2</InstdAmt>
        </Amt>
        <CdtrAgt>
          <FinInstnId>
            <BIC>SUBASKBX</BIC>
          </FinInstnId>
        </CdtrAgt>
        <Cdtr>
          <Nm>Manovska, Ivana</Nm>
          <Id>
            <OrgId>
              <BICOrBEI>SUBASKBX</BICOrBEI>
            </OrgId>
          </Id>
        </Cdtr>
        <CdtrAcct>
          <Id>
            <IBAN>SK0502000000002302456735</IBAN>
          </Id>
        </CdtrAcct>
        <RmtInf>
          <Ustrd>MZ202206</Ustrd>
        </RmtInf>
      </CdtTrfTxInf><CdtTrfTxInf>
        <PmtId>
          <EndToEndId>/VS202206/SS/KS0138</EndToEndId>
        </PmtId>
        <Amt>
          <InstdAmt Ccy="EUR">35.07</InstdAmt>
        </Amt>
        <CdtrAgt>
          <FinInstnId>
            <BIC>TATRSKBX</BIC>
          </FinInstnId>
        </CdtrAgt>
        <Cdtr>
          <Nm>Sangala, Adam, Ing.</Nm>
          <Id>
            <OrgId>
              <BICOrBEI>TATRSKBX</BICOrBEI>
            </OrgId>
          </Id>
        </Cdtr>
        <CdtrAcct>
          <Id>
            <IBAN>SK6411000000002619377349</IBAN>
          </Id>
        </CdtrAcct>
        <RmtInf>
          <Ustrd>MZ202206</Ustrd>
        </RmtInf>
      </CdtTrfTxInf>
    </PmtInf>  
  </CstmrCdtTrfInitn>
</Document>
